%YAML 1.1
%TAG !u! tag:unity3d.com,2011:
--- !u!1 &4077808547062912900
GameObject:
  m_ObjectHideFlags: 0
  m_CorrespondingSourceObject: {fileID: 0}
  m_PrefabInstance: {fileID: 0}
  m_PrefabAsset: {fileID: 0}
  serializedVersion: 6
  m_Component:
  - component: {fileID: 4077808547062912903}
  - component: {fileID: 4077808547062912952}
  - component: {fileID: 4077808547062912953}
  - component: {fileID: 4077808547062912902}
  m_Layer: 0
  m_Name: Box002
  m_TagString: Untagged
  m_Icon: {fileID: 0}
  m_NavMeshLayer: 0
  m_StaticEditorFlags: 65
  m_IsActive: 1
--- !u!4 &4077808547062912903
Transform:
  m_ObjectHideFlags: 0
  m_CorrespondingSourceObject: {fileID: 0}
  m_PrefabInstance: {fileID: 0}
  m_PrefabAsset: {fileID: 0}
  m_GameObject: {fileID: 4077808547062912900}
  m_LocalRotation: {x: 0, y: -0, z: -0, w: 1}
  m_LocalPosition: {x: 0.5444628, y: -0.10792066, z: -0.15337758}
  m_LocalScale: {x: 1, y: 1, z: 1}
  m_Children: []
  m_Father: {fileID: 4077808547736209593}
  m_RootOrder: 1
  m_LocalEulerAnglesHint: {x: 0, y: 0, z: 0}
--- !u!33 &4077808547062912952
MeshFilter:
  m_ObjectHideFlags: 0
  m_CorrespondingSourceObject: {fileID: 0}
  m_PrefabInstance: {fileID: 0}
  m_PrefabAsset: {fileID: 0}
  m_GameObject: {fileID: 4077808547062912900}
  m_Mesh: {fileID: -2232952877369940510, guid: 6c0aee03bcb9fd34bbf4d57468b0ebbe, type: 3}
--- !u!23 &4077808547062912953
MeshRenderer:
  m_ObjectHideFlags: 0
  m_CorrespondingSourceObject: {fileID: 0}
  m_PrefabInstance: {fileID: 0}
  m_PrefabAsset: {fileID: 0}
  m_GameObject: {fileID: 4077808547062912900}
  m_Enabled: 1
  m_CastShadows: 1
  m_ReceiveShadows: 1
  m_DynamicOccludee: 1
  m_MotionVectors: 1
  m_LightProbeUsage: 1
  m_ReflectionProbeUsage: 1
  m_RayTracingMode: 2
  m_RayTraceProcedural: 0
  m_RenderingLayerMask: 1
  m_RendererPriority: 0
  m_Materials:
  - {fileID: 2100000, guid: b672f4cdddc31b445992dc49ebad3e42, type: 2}
  m_StaticBatchInfo:
    firstSubMesh: 0
    subMeshCount: 0
  m_StaticBatchRoot: {fileID: 0}
  m_ProbeAnchor: {fileID: 0}
  m_LightProbeVolumeOverride: {fileID: 0}
  m_ScaleInLightmap: 1
  m_ReceiveGI: 1
  m_PreserveUVs: 0
  m_IgnoreNormalsForChartDetection: 0
  m_ImportantGI: 0
  m_StitchLightmapSeams: 1
  m_SelectedEditorRenderState: 3
  m_MinimumChartSize: 4
  m_AutoUVMaxDistance: 0.5
  m_AutoUVMaxAngle: 89
  m_LightmapParameters: {fileID: 0}
  m_SortingLayerID: 0
  m_SortingLayer: 0
  m_SortingOrder: 0
  m_AdditionalVertexStreams: {fileID: 0}
--- !u!64 &4077808547062912902
MeshCollider:
  m_ObjectHideFlags: 0
  m_CorrespondingSourceObject: {fileID: 0}
  m_PrefabInstance: {fileID: 0}
  m_PrefabAsset: {fileID: 0}
  m_GameObject: {fileID: 4077808547062912900}
  m_Material: {fileID: 0}
  m_IsTrigger: 0
  m_Enabled: 1
  serializedVersion: 4
  m_Convex: 0
  m_CookingOptions: 30
  m_Mesh: {fileID: -2232952877369940510, guid: 6c0aee03bcb9fd34bbf4d57468b0ebbe, type: 3}
--- !u!1 &4077808547415241322
GameObject:
  m_ObjectHideFlags: 0
  m_CorrespondingSourceObject: {fileID: 0}
  m_PrefabInstance: {fileID: 0}
  m_PrefabAsset: {fileID: 0}
  serializedVersion: 6
  m_Component:
  - component: {fileID: 4077808547415241325}
  - component: {fileID: 4077808547415241326}
  - component: {fileID: 4077808547415241327}
  - component: {fileID: 4077808547415241324}
  m_Layer: 0
  m_Name: Cylinder002
  m_TagString: Untagged
  m_Icon: {fileID: 0}
  m_NavMeshLayer: 0
  m_StaticEditorFlags: 65
  m_IsActive: 1
--- !u!4 &4077808547415241325
Transform:
  m_ObjectHideFlags: 0
  m_CorrespondingSourceObject: {fileID: 0}
  m_PrefabInstance: {fileID: 0}
  m_PrefabAsset: {fileID: 0}
  m_GameObject: {fileID: 4077808547415241322}
  m_LocalRotation: {x: 0, y: -0, z: -0, w: 1}
  m_LocalPosition: {x: 0.0066856025, y: 0.035333995, z: -0.46698174}
  m_LocalScale: {x: 1, y: 1, z: 1}
  m_Children: []
  m_Father: {fileID: 4077808547736209593}
  m_RootOrder: 6
  m_LocalEulerAnglesHint: {x: 0, y: 0, z: 0}
--- !u!33 &4077808547415241326
MeshFilter:
  m_ObjectHideFlags: 0
  m_CorrespondingSourceObject: {fileID: 0}
  m_PrefabInstance: {fileID: 0}
  m_PrefabAsset: {fileID: 0}
  m_GameObject: {fileID: 4077808547415241322}
  m_Mesh: {fileID: -2128599272216676504, guid: 6c0aee03bcb9fd34bbf4d57468b0ebbe, type: 3}
--- !u!23 &4077808547415241327
MeshRenderer:
  m_ObjectHideFlags: 0
  m_CorrespondingSourceObject: {fileID: 0}
  m_PrefabInstance: {fileID: 0}
  m_PrefabAsset: {fileID: 0}
  m_GameObject: {fileID: 4077808547415241322}
  m_Enabled: 1
  m_CastShadows: 1
  m_ReceiveShadows: 1
  m_DynamicOccludee: 1
  m_MotionVectors: 1
  m_LightProbeUsage: 1
  m_ReflectionProbeUsage: 1
  m_RayTracingMode: 2
  m_RayTraceProcedural: 0
  m_RenderingLayerMask: 1
  m_RendererPriority: 0
  m_Materials:
  - {fileID: -1010717419414544792, guid: 6c0aee03bcb9fd34bbf4d57468b0ebbe, type: 3}
  m_StaticBatchInfo:
    firstSubMesh: 0
    subMeshCount: 0
  m_StaticBatchRoot: {fileID: 0}
  m_ProbeAnchor: {fileID: 0}
  m_LightProbeVolumeOverride: {fileID: 0}
  m_ScaleInLightmap: 1
  m_ReceiveGI: 1
  m_PreserveUVs: 0
  m_IgnoreNormalsForChartDetection: 0
  m_ImportantGI: 0
  m_StitchLightmapSeams: 1
  m_SelectedEditorRenderState: 3
  m_MinimumChartSize: 4
  m_AutoUVMaxDistance: 0.5
  m_AutoUVMaxAngle: 89
  m_LightmapParameters: {fileID: 0}
  m_SortingLayerID: 0
  m_SortingLayer: 0
  m_SortingOrder: 0
  m_AdditionalVertexStreams: {fileID: 0}
--- !u!64 &4077808547415241324
MeshCollider:
  m_ObjectHideFlags: 0
  m_CorrespondingSourceObject: {fileID: 0}
  m_PrefabInstance: {fileID: 0}
  m_PrefabAsset: {fileID: 0}
  m_GameObject: {fileID: 4077808547415241322}
  m_Material: {fileID: 0}
  m_IsTrigger: 0
  m_Enabled: 1
  serializedVersion: 4
  m_Convex: 0
  m_CookingOptions: 30
  m_Mesh: {fileID: -2128599272216676504, guid: 6c0aee03bcb9fd34bbf4d57468b0ebbe, type: 3}
--- !u!1 &4077808547705968432
GameObject:
  m_ObjectHideFlags: 0
  m_CorrespondingSourceObject: {fileID: 0}
  m_PrefabInstance: {fileID: 0}
  m_PrefabAsset: {fileID: 0}
  serializedVersion: 6
  m_Component:
  - component: {fileID: 4077808547705968435}
  - component: {fileID: 4077808547705968425}
  - component: {fileID: 4077808547705968438}
  - component: {fileID: 4077808547705968439}
  - component: {fileID: 4077808547705968436}
  - component: {fileID: 4077808547705968437}
  - component: {fileID: 4077808547705968434}
  m_Layer: 0
  m_Name: Box008
  m_TagString: Untagged
  m_Icon: {fileID: 0}
  m_NavMeshLayer: 0
  m_StaticEditorFlags: 65
  m_IsActive: 1
--- !u!4 &4077808547705968435
Transform:
  m_ObjectHideFlags: 0
  m_CorrespondingSourceObject: {fileID: 0}
  m_PrefabInstance: {fileID: 0}
  m_PrefabAsset: {fileID: 0}
  m_GameObject: {fileID: 4077808547705968432}
  m_LocalRotation: {x: 0, y: -0, z: -0, w: 1}
  m_LocalPosition: {x: 0.8425611, y: 0.2862633, z: 0.16017006}
  m_LocalScale: {x: 1, y: 1, z: 1}
  m_Children: []
  m_Father: {fileID: 4077808547736209593}
  m_RootOrder: 4
  m_LocalEulerAnglesHint: {x: 0, y: 0, z: 0}
--- !u!33 &4077808547705968425
MeshFilter:
  m_ObjectHideFlags: 0
  m_CorrespondingSourceObject: {fileID: 0}
  m_PrefabInstance: {fileID: 0}
  m_PrefabAsset: {fileID: 0}
  m_GameObject: {fileID: 4077808547705968432}
  m_Mesh: {fileID: 1226723149311242300, guid: 6c0aee03bcb9fd34bbf4d57468b0ebbe, type: 3}
--- !u!23 &4077808547705968438
MeshRenderer:
  m_ObjectHideFlags: 0
  m_CorrespondingSourceObject: {fileID: 0}
  m_PrefabInstance: {fileID: 0}
  m_PrefabAsset: {fileID: 0}
  m_GameObject: {fileID: 4077808547705968432}
  m_Enabled: 1
  m_CastShadows: 1
  m_ReceiveShadows: 1
  m_DynamicOccludee: 1
  m_MotionVectors: 1
  m_LightProbeUsage: 1
  m_ReflectionProbeUsage: 1
  m_RayTracingMode: 2
  m_RayTraceProcedural: 0
  m_RenderingLayerMask: 1
  m_RendererPriority: 0
  m_Materials:
  - {fileID: 2100000, guid: feb21f35e1ff33c4dafdba1a04a2760b, type: 2}
  m_StaticBatchInfo:
    firstSubMesh: 0
    subMeshCount: 0
  m_StaticBatchRoot: {fileID: 0}
  m_ProbeAnchor: {fileID: 0}
  m_LightProbeVolumeOverride: {fileID: 0}
  m_ScaleInLightmap: 1
  m_ReceiveGI: 1
  m_PreserveUVs: 0
  m_IgnoreNormalsForChartDetection: 0
  m_ImportantGI: 0
  m_StitchLightmapSeams: 1
  m_SelectedEditorRenderState: 3
  m_MinimumChartSize: 4
  m_AutoUVMaxDistance: 0.5
  m_AutoUVMaxAngle: 89
  m_LightmapParameters: {fileID: 0}
  m_SortingLayerID: 0
  m_SortingLayer: 0
  m_SortingOrder: 0
  m_AdditionalVertexStreams: {fileID: 0}
--- !u!64 &4077808547705968439
MeshCollider:
  m_ObjectHideFlags: 0
  m_CorrespondingSourceObject: {fileID: 0}
  m_PrefabInstance: {fileID: 0}
  m_PrefabAsset: {fileID: 0}
  m_GameObject: {fileID: 4077808547705968432}
  m_Material: {fileID: 0}
  m_IsTrigger: 0
  m_Enabled: 1
  serializedVersion: 4
  m_Convex: 1
  m_CookingOptions: 30
  m_Mesh: {fileID: 1226723149311242300, guid: 6c0aee03bcb9fd34bbf4d57468b0ebbe, type: 3}
--- !u!54 &4077808547705968436
Rigidbody:
  m_ObjectHideFlags: 0
  m_CorrespondingSourceObject: {fileID: 0}
  m_PrefabInstance: {fileID: 0}
  m_PrefabAsset: {fileID: 0}
  m_GameObject: {fileID: 4077808547705968432}
  serializedVersion: 2
  m_Mass: 1
  m_Drag: 0
  m_AngularDrag: 0.05
  m_UseGravity: 1
  m_IsKinematic: 0
  m_Interpolate: 0
  m_Constraints: 0
  m_CollisionDetection: 0
--- !u!114 &4077808547705968437
MonoBehaviour:
  m_ObjectHideFlags: 0
  m_CorrespondingSourceObject: {fileID: 0}
  m_PrefabInstance: {fileID: 0}
  m_PrefabAsset: {fileID: 0}
  m_GameObject: {fileID: 4077808547705968432}
  m_Enabled: 1
  m_EditorHideFlags: 0
  m_Script: {fileID: 11500000, guid: 5cdea428d48e2bb488d33d5f75c39bb9, type: 3}
  m_Name: 
  m_EditorClassIdentifier: 
  BeingHeld: 0
  GrabButton: 2
  Grabtype: 2
  GrabPhysics: 0
  GrabMechanic: 1
  GrabSpeed: 7.5
  RemoteGrabbable: 0
  RemoteGrabDistance: 2
  ThrowForceMultiplier: 2
  ThrowForceMultiplierAngular: 1.5
  BreakDistance: 0
  HideHandGraphics: 0
  ParentToHands: 1
  ParentHandModel: 0
  SnapHandModel: 1
  CanBeDropped: 1
  CanBeSnappedToSnapZone: 1
  ForceDisableKinematicOnDrop: 0
  CustomHandPose: 0
  SecondaryGrabBehavior: 0
  OtherGrabbableMustBeGrabbed: {fileID: 0}
  SecondaryGrabbable: {fileID: 0}
  SecondHandLookSpeed: 40
  CollisionSpring: 3000
  CollisionSlerp: 500
  CollisionLinearMotionX: 2
  CollisionLinearMotionY: 2
  CollisionLinearMotionZ: 2
  CollisionAngularMotionX: 2
  CollisionAngularMotionY: 2
  CollisionAngularMotionZ: 2
  ApplyCorrectiveForce: 1
  MoveVelocityForce: 3000
  MoveAngularVelocityForce: 90
  LastGrabTime: 0
  LastDropTime: 0
  AddControllerVelocityOnDrop: 1
  collisions: []
  ActiveGrabPoint: {fileID: 0}
  SecondaryLookOffset: {x: 0, y: 0, z: 0}
  SecondaryLookAtTransform: {fileID: 0}
  LocalOffsetTransform: {fileID: 0}
  GrabPoints: []
  UseCustomInspector: 1
--- !u!114 &4077808547705968434
MonoBehaviour:
  m_ObjectHideFlags: 0
  m_CorrespondingSourceObject: {fileID: 0}
  m_PrefabInstance: {fileID: 0}
  m_PrefabAsset: {fileID: 0}
  m_GameObject: {fileID: 4077808547705968432}
  m_Enabled: 1
  m_EditorHideFlags: 0
  m_Script: {fileID: 11500000, guid: b90ed01ac5d94e9468b242b4c38496a8, type: 3}
  m_Name: 
  m_EditorClassIdentifier: 
  HapticsOnValidPickup: 1
  HapticsOnValidRemotePickup: 0
  HapticsOnCollision: 0
  HapticsOnGrab: 1
  VibrateFrequency: 0.3
  VibrateAmplitude: 0.1
  VibrateDuration: 0.1
--- !u!1 &4077808547732699855
GameObject:
  m_ObjectHideFlags: 0
  m_CorrespondingSourceObject: {fileID: 0}
  m_PrefabInstance: {fileID: 0}
  m_PrefabAsset: {fileID: 0}
  serializedVersion: 6
  m_Component:
  - component: {fileID: 4077808547732699854}
  - component: {fileID: 4077808547732699844}
  - component: {fileID: 4077808547732699845}
  - component: {fileID: 4077808547732699842}
  - component: {fileID: 4077808547732699843}
  - component: {fileID: 4077808547732699840}
  - component: {fileID: 4077808547732699841}
  m_Layer: 0
  m_Name: Box005
  m_TagString: Untagged
  m_Icon: {fileID: 0}
  m_NavMeshLayer: 0
  m_StaticEditorFlags: 65
  m_IsActive: 1
--- !u!4 &4077808547732699854
Transform:
  m_ObjectHideFlags: 0
  m_CorrespondingSourceObject: {fileID: 0}
  m_PrefabInstance: {fileID: 0}
  m_PrefabAsset: {fileID: 0}
  m_GameObject: {fileID: 4077808547732699855}
  m_LocalRotation: {x: 0, y: -0, z: -0, w: 1}
  m_LocalPosition: {x: -0.8715045, y: 0.26450866, z: 0.18713818}
  m_LocalScale: {x: 1, y: 1, z: 1}
  m_Children: []
  m_Father: {fileID: 4077808547736209593}
  m_RootOrder: 3
  m_LocalEulerAnglesHint: {x: 0, y: 0, z: 0}
--- !u!33 &4077808547732699844
MeshFilter:
  m_ObjectHideFlags: 0
  m_CorrespondingSourceObject: {fileID: 0}
  m_PrefabInstance: {fileID: 0}
  m_PrefabAsset: {fileID: 0}
  m_GameObject: {fileID: 4077808547732699855}
  m_Mesh: {fileID: 6715375062900545627, guid: 6c0aee03bcb9fd34bbf4d57468b0ebbe, type: 3}
--- !u!23 &4077808547732699845
MeshRenderer:
  m_ObjectHideFlags: 0
  m_CorrespondingSourceObject: {fileID: 0}
  m_PrefabInstance: {fileID: 0}
  m_PrefabAsset: {fileID: 0}
  m_GameObject: {fileID: 4077808547732699855}
  m_Enabled: 1
  m_CastShadows: 1
  m_ReceiveShadows: 1
  m_DynamicOccludee: 1
  m_MotionVectors: 1
  m_LightProbeUsage: 1
  m_ReflectionProbeUsage: 1
  m_RayTracingMode: 2
  m_RayTraceProcedural: 0
  m_RenderingLayerMask: 1
  m_RendererPriority: 0
  m_Materials:
  - {fileID: 2100000, guid: b672f4cdddc31b445992dc49ebad3e42, type: 2}
  m_StaticBatchInfo:
    firstSubMesh: 0
    subMeshCount: 0
  m_StaticBatchRoot: {fileID: 0}
  m_ProbeAnchor: {fileID: 0}
  m_LightProbeVolumeOverride: {fileID: 0}
  m_ScaleInLightmap: 1
  m_ReceiveGI: 1
  m_PreserveUVs: 0
  m_IgnoreNormalsForChartDetection: 0
  m_ImportantGI: 0
  m_StitchLightmapSeams: 1
  m_SelectedEditorRenderState: 3
  m_MinimumChartSize: 4
  m_AutoUVMaxDistance: 0.5
  m_AutoUVMaxAngle: 89
  m_LightmapParameters: {fileID: 0}
  m_SortingLayerID: 0
  m_SortingLayer: 0
  m_SortingOrder: 0
  m_AdditionalVertexStreams: {fileID: 0}
--- !u!64 &4077808547732699842
MeshCollider:
  m_ObjectHideFlags: 0
  m_CorrespondingSourceObject: {fileID: 0}
  m_PrefabInstance: {fileID: 0}
  m_PrefabAsset: {fileID: 0}
  m_GameObject: {fileID: 4077808547732699855}
  m_Material: {fileID: 0}
  m_IsTrigger: 0
  m_Enabled: 1
  serializedVersion: 4
  m_Convex: 1
  m_CookingOptions: 30
  m_Mesh: {fileID: 6715375062900545627, guid: 6c0aee03bcb9fd34bbf4d57468b0ebbe, type: 3}
--- !u!54 &4077808547732699843
Rigidbody:
  m_ObjectHideFlags: 0
  m_CorrespondingSourceObject: {fileID: 0}
  m_PrefabInstance: {fileID: 0}
  m_PrefabAsset: {fileID: 0}
  m_GameObject: {fileID: 4077808547732699855}
  serializedVersion: 2
  m_Mass: 1
  m_Drag: 0
  m_AngularDrag: 0.05
  m_UseGravity: 1
  m_IsKinematic: 0
  m_Interpolate: 0
  m_Constraints: 0
  m_CollisionDetection: 0
--- !u!114 &4077808547732699840
MonoBehaviour:
  m_ObjectHideFlags: 0
  m_CorrespondingSourceObject: {fileID: 0}
  m_PrefabInstance: {fileID: 0}
  m_PrefabAsset: {fileID: 0}
  m_GameObject: {fileID: 4077808547732699855}
  m_Enabled: 1
  m_EditorHideFlags: 0
  m_Script: {fileID: 11500000, guid: 5cdea428d48e2bb488d33d5f75c39bb9, type: 3}
  m_Name: 
  m_EditorClassIdentifier: 
  BeingHeld: 0
  GrabButton: 2
  Grabtype: 2
  GrabPhysics: 0
  GrabMechanic: 1
  GrabSpeed: 7.5
  RemoteGrabbable: 0
  RemoteGrabDistance: 2
  ThrowForceMultiplier: 2
  ThrowForceMultiplierAngular: 1.5
  BreakDistance: 0
  HideHandGraphics: 0
  ParentToHands: 1
  ParentHandModel: 0
  SnapHandModel: 1
  CanBeDropped: 1
  CanBeSnappedToSnapZone: 1
  ForceDisableKinematicOnDrop: 0
  CustomHandPose: 0
  SecondaryGrabBehavior: 0
  OtherGrabbableMustBeGrabbed: {fileID: 0}
  SecondaryGrabbable: {fileID: 0}
  SecondHandLookSpeed: 40
  CollisionSpring: 3000
  CollisionSlerp: 500
  CollisionLinearMotionX: 2
  CollisionLinearMotionY: 2
  CollisionLinearMotionZ: 2
  CollisionAngularMotionX: 2
  CollisionAngularMotionY: 2
  CollisionAngularMotionZ: 2
  ApplyCorrectiveForce: 1
  MoveVelocityForce: 3000
  MoveAngularVelocityForce: 90
  LastGrabTime: 0
  LastDropTime: 0
  AddControllerVelocityOnDrop: 1
  collisions: []
  ActiveGrabPoint: {fileID: 0}
  SecondaryLookOffset: {x: 0, y: 0, z: 0}
  SecondaryLookAtTransform: {fileID: 0}
  LocalOffsetTransform: {fileID: 0}
  GrabPoints: []
  UseCustomInspector: 1
--- !u!114 &4077808547732699841
MonoBehaviour:
  m_ObjectHideFlags: 0
  m_CorrespondingSourceObject: {fileID: 0}
  m_PrefabInstance: {fileID: 0}
  m_PrefabAsset: {fileID: 0}
  m_GameObject: {fileID: 4077808547732699855}
  m_Enabled: 1
  m_EditorHideFlags: 0
  m_Script: {fileID: 11500000, guid: b90ed01ac5d94e9468b242b4c38496a8, type: 3}
  m_Name: 
  m_EditorClassIdentifier: 
  HapticsOnValidPickup: 1
  HapticsOnValidRemotePickup: 0
  HapticsOnCollision: 0
  HapticsOnGrab: 1
  VibrateFrequency: 0.3
  VibrateAmplitude: 0.1
  VibrateDuration: 0.1
--- !u!1 &4077808547736209542
GameObject:
  m_ObjectHideFlags: 0
  m_CorrespondingSourceObject: {fileID: 0}
  m_PrefabInstance: {fileID: 0}
  m_PrefabAsset: {fileID: 0}
  serializedVersion: 6
  m_Component:
  - component: {fileID: 4077808547736209593}
  m_Layer: 0
  m_Name: Sofa collection (2)
  m_TagString: Untagged
  m_Icon: {fileID: 0}
  m_NavMeshLayer: 0
  m_StaticEditorFlags: 65
  m_IsActive: 1
--- !u!4 &4077808547736209593
Transform:
  m_ObjectHideFlags: 0
  m_CorrespondingSourceObject: {fileID: 0}
  m_PrefabInstance: {fileID: 0}
  m_PrefabAsset: {fileID: 0}
  m_GameObject: {fileID: 4077808547736209542}
  m_LocalRotation: {x: 0.00000040992384, y: -0.7071069, z: -0.70710677, w: -0.00000038743013}
  m_LocalPosition: {x: -15.685, y: 0.63, z: -16.6}
  m_LocalScale: {x: 1, y: 1, z: 1}
  m_Children:
  - {fileID: 4077808548295226436}
  - {fileID: 4077808547062912903}
  - {fileID: 4077808548232718651}
  - {fileID: 4077808547732699854}
  - {fileID: 4077808547705968435}
  - {fileID: 4077808548235289144}
  - {fileID: 4077808547415241325}
  m_Father: {fileID: 0}
  m_RootOrder: 0
  m_LocalEulerAnglesHint: {x: -90.00001, y: 0, z: -179.99998}
--- !u!1 &4077808548232718648
GameObject:
  m_ObjectHideFlags: 0
  m_CorrespondingSourceObject: {fileID: 0}
  m_PrefabInstance: {fileID: 0}
  m_PrefabAsset: {fileID: 0}
  serializedVersion: 6
  m_Component:
  - component: {fileID: 4077808548232718651}
  - component: {fileID: 4077808548232718652}
  - component: {fileID: 4077808548232718653}
  - component: {fileID: 4077808548232718650}
  m_Layer: 0
  m_Name: Box004
  m_TagString: Untagged
  m_Icon: {fileID: 0}
  m_NavMeshLayer: 0
  m_StaticEditorFlags: 65
  m_IsActive: 1
--- !u!4 &4077808548232718651
Transform:
  m_ObjectHideFlags: 0
  m_CorrespondingSourceObject: {fileID: 0}
  m_PrefabInstance: {fileID: 0}
  m_PrefabAsset: {fileID: 0}
  m_GameObject: {fileID: 4077808548232718648}
  m_LocalRotation: {x: 0, y: -0, z: -0, w: 1}
  m_LocalPosition: {x: -0.555408, y: -0.10582862, z: -0.15200204}
  m_LocalScale: {x: 1, y: 1, z: 1}
  m_Children: []
  m_Father: {fileID: 4077808547736209593}
  m_RootOrder: 2
  m_LocalEulerAnglesHint: {x: 0, y: 0, z: 0}
--- !u!33 &4077808548232718652
MeshFilter:
  m_ObjectHideFlags: 0
  m_CorrespondingSourceObject: {fileID: 0}
  m_PrefabInstance: {fileID: 0}
  m_PrefabAsset: {fileID: 0}
  m_GameObject: {fileID: 4077808548232718648}
  m_Mesh: {fileID: -5613867604693661769, guid: 6c0aee03bcb9fd34bbf4d57468b0ebbe, type: 3}
--- !u!23 &4077808548232718653
MeshRenderer:
  m_ObjectHideFlags: 0
  m_CorrespondingSourceObject: {fileID: 0}
  m_PrefabInstance: {fileID: 0}
  m_PrefabAsset: {fileID: 0}
  m_GameObject: {fileID: 4077808548232718648}
  m_Enabled: 1
  m_CastShadows: 1
  m_ReceiveShadows: 1
  m_DynamicOccludee: 1
  m_MotionVectors: 1
  m_LightProbeUsage: 1
  m_ReflectionProbeUsage: 1
  m_RayTracingMode: 2
  m_RayTraceProcedural: 0
  m_RenderingLayerMask: 1
  m_RendererPriority: 0
  m_Materials:
  - {fileID: 2100000, guid: b672f4cdddc31b445992dc49ebad3e42, type: 2}
  m_StaticBatchInfo:
    firstSubMesh: 0
    subMeshCount: 0
  m_StaticBatchRoot: {fileID: 0}
  m_ProbeAnchor: {fileID: 0}
  m_LightProbeVolumeOverride: {fileID: 0}
  m_ScaleInLightmap: 1
  m_ReceiveGI: 1
  m_PreserveUVs: 0
  m_IgnoreNormalsForChartDetection: 0
  m_ImportantGI: 0
  m_StitchLightmapSeams: 1
  m_SelectedEditorRenderState: 3
  m_MinimumChartSize: 4
  m_AutoUVMaxDistance: 0.5
  m_AutoUVMaxAngle: 89
  m_LightmapParameters: {fileID: 0}
  m_SortingLayerID: 0
  m_SortingLayer: 0
  m_SortingOrder: 0
  m_AdditionalVertexStreams: {fileID: 0}
--- !u!64 &4077808548232718650
MeshCollider:
  m_ObjectHideFlags: 0
  m_CorrespondingSourceObject: {fileID: 0}
  m_PrefabInstance: {fileID: 0}
  m_PrefabAsset: {fileID: 0}
  m_GameObject: {fileID: 4077808548232718648}
  m_Material: {fileID: 0}
  m_IsTrigger: 0
  m_Enabled: 1
  serializedVersion: 4
  m_Convex: 0
  m_CookingOptions: 30
  m_Mesh: {fileID: -5613867604693661769, guid: 6c0aee03bcb9fd34bbf4d57468b0ebbe, type: 3}
--- !u!1 &4077808548235289145
GameObject:
  m_ObjectHideFlags: 0
  m_CorrespondingSourceObject: {fileID: 0}
  m_PrefabInstance: {fileID: 0}
  m_PrefabAsset: {fileID: 0}
  serializedVersion: 6
  m_Component:
  - component: {fileID: 4077808548235289144}
  - component: {fileID: 4077808548235289150}
  - component: {fileID: 4077808548235289151}
  - component: {fileID: 4077808548235289148}
  - component: {fileID: 4077808548235289149}
  - component: {fileID: 4077808548235289146}
  - component: {fileID: 4077808548235289147}
  m_Layer: 0
  m_Name: Box010
  m_TagString: Untagged
  m_Icon: {fileID: 0}
  m_NavMeshLayer: 0
  m_StaticEditorFlags: 65
  m_IsActive: 1
--- !u!4 &4077808548235289144
Transform:
  m_ObjectHideFlags: 0
  m_CorrespondingSourceObject: {fileID: 0}
  m_PrefabInstance: {fileID: 0}
  m_PrefabAsset: {fileID: 0}
  m_GameObject: {fileID: 4077808548235289145}
  m_LocalRotation: {x: -0.05477099, y: 0.041833535, z: -0.015733672, w: 0.99749815}
  m_LocalPosition: {x: 0.512, y: 0.066, z: 0.302}
  m_LocalScale: {x: 1, y: 1, z: 1}
  m_Children: []
  m_Father: {fileID: 4077808547736209593}
  m_RootOrder: 5
  m_LocalEulerAnglesHint: {x: -6.197, y: 4.915, z: -2.074}
--- !u!33 &4077808548235289150
MeshFilter:
  m_ObjectHideFlags: 0
  m_CorrespondingSourceObject: {fileID: 0}
  m_PrefabInstance: {fileID: 0}
  m_PrefabAsset: {fileID: 0}
  m_GameObject: {fileID: 4077808548235289145}
  m_Mesh: {fileID: -3613724358419971262, guid: 6c0aee03bcb9fd34bbf4d57468b0ebbe, type: 3}
--- !u!23 &4077808548235289151
MeshRenderer:
  m_ObjectHideFlags: 0
  m_CorrespondingSourceObject: {fileID: 0}
  m_PrefabInstance: {fileID: 0}
  m_PrefabAsset: {fileID: 0}
  m_GameObject: {fileID: 4077808548235289145}
  m_Enabled: 1
  m_CastShadows: 1
  m_ReceiveShadows: 1
  m_DynamicOccludee: 1
  m_MotionVectors: 1
  m_LightProbeUsage: 1
  m_ReflectionProbeUsage: 1
  m_RayTracingMode: 2
  m_RayTraceProcedural: 0
  m_RenderingLayerMask: 1
  m_RendererPriority: 0
  m_Materials:
  - {fileID: 2100000, guid: b672f4cdddc31b445992dc49ebad3e42, type: 2}
  m_StaticBatchInfo:
    firstSubMesh: 0
    subMeshCount: 0
  m_StaticBatchRoot: {fileID: 0}
  m_ProbeAnchor: {fileID: 0}
  m_LightProbeVolumeOverride: {fileID: 0}
  m_ScaleInLightmap: 1
  m_ReceiveGI: 1
  m_PreserveUVs: 0
  m_IgnoreNormalsForChartDetection: 0
  m_ImportantGI: 0
  m_StitchLightmapSeams: 1
  m_SelectedEditorRenderState: 3
  m_MinimumChartSize: 4
  m_AutoUVMaxDistance: 0.5
  m_AutoUVMaxAngle: 89
  m_LightmapParameters: {fileID: 0}
  m_SortingLayerID: 0
  m_SortingLayer: 0
  m_SortingOrder: 0
  m_AdditionalVertexStreams: {fileID: 0}
--- !u!64 &4077808548235289148
MeshCollider:
  m_ObjectHideFlags: 0
  m_CorrespondingSourceObject: {fileID: 0}
  m_PrefabInstance: {fileID: 0}
  m_PrefabAsset: {fileID: 0}
  m_GameObject: {fileID: 4077808548235289145}
  m_Material: {fileID: 0}
  m_IsTrigger: 0
  m_Enabled: 1
  serializedVersion: 4
  m_Convex: 1
  m_CookingOptions: 30
  m_Mesh: {fileID: -3613724358419971262, guid: 6c0aee03bcb9fd34bbf4d57468b0ebbe, type: 3}
--- !u!54 &4077808548235289149
Rigidbody:
  m_ObjectHideFlags: 0
  m_CorrespondingSourceObject: {fileID: 0}
  m_PrefabInstance: {fileID: 0}
  m_PrefabAsset: {fileID: 0}
  m_GameObject: {fileID: 4077808548235289145}
  serializedVersion: 2
  m_Mass: 1
  m_Drag: 0
  m_AngularDrag: 0.05
  m_UseGravity: 1
  m_IsKinematic: 0
  m_Interpolate: 0
  m_Constraints: 0
  m_CollisionDetection: 0
--- !u!114 &4077808548235289146
MonoBehaviour:
  m_ObjectHideFlags: 0
  m_CorrespondingSourceObject: {fileID: 0}
  m_PrefabInstance: {fileID: 0}
  m_PrefabAsset: {fileID: 0}
  m_GameObject: {fileID: 4077808548235289145}
  m_Enabled: 1
  m_EditorHideFlags: 0
  m_Script: {fileID: 11500000, guid: 5cdea428d48e2bb488d33d5f75c39bb9, type: 3}
  m_Name: 
  m_EditorClassIdentifier: 
  BeingHeld: 0
  GrabButton: 2
  Grabtype: 2
  GrabPhysics: 0
  GrabMechanic: 1
  GrabSpeed: 7.5
  RemoteGrabbable: 0
  RemoteGrabDistance: 2
  ThrowForceMultiplier: 2
  ThrowForceMultiplierAngular: 1.5
  BreakDistance: 0
  HideHandGraphics: 0
  ParentToHands: 1
  ParentHandModel: 0
  SnapHandModel: 1
  CanBeDropped: 1
  CanBeSnappedToSnapZone: 1
  ForceDisableKinematicOnDrop: 0
  CustomHandPose: 0
  SecondaryGrabBehavior: 0
  OtherGrabbableMustBeGrabbed: {fileID: 0}
  SecondaryGrabbable: {fileID: 0}
  SecondHandLookSpeed: 40
  CollisionSpring: 3000
  CollisionSlerp: 500
  CollisionLinearMotionX: 2
  CollisionLinearMotionY: 2
  CollisionLinearMotionZ: 2
  CollisionAngularMotionX: 2
  CollisionAngularMotionY: 2
  CollisionAngularMotionZ: 2
  ApplyCorrectiveForce: 1
  MoveVelocityForce: 3000
  MoveAngularVelocityForce: 90
  LastGrabTime: 0
  LastDropTime: 0
  AddControllerVelocityOnDrop: 1
  collisions: []
  ActiveGrabPoint: {fileID: 0}
  SecondaryLookOffset: {x: 0, y: 0, z: 0}
  SecondaryLookAtTransform: {fileID: 0}
  LocalOffsetTransform: {fileID: 0}
  GrabPoints: []
  UseCustomInspector: 1
--- !u!114 &4077808548235289147
MonoBehaviour:
  m_ObjectHideFlags: 0
  m_CorrespondingSourceObject: {fileID: 0}
  m_PrefabInstance: {fileID: 0}
  m_PrefabAsset: {fileID: 0}
  m_GameObject: {fileID: 4077808548235289145}
  m_Enabled: 1
  m_EditorHideFlags: 0
  m_Script: {fileID: 11500000, guid: b90ed01ac5d94e9468b242b4c38496a8, type: 3}
  m_Name: 
  m_EditorClassIdentifier: 
  HapticsOnValidPickup: 1
  HapticsOnValidRemotePickup: 0
  HapticsOnCollision: 0
  HapticsOnGrab: 1
  VibrateFrequency: 0.3
  VibrateAmplitude: 0.1
  VibrateDuration: 0.1
--- !u!1 &4077808548295226437
GameObject:
  m_ObjectHideFlags: 0
  m_CorrespondingSourceObject: {fileID: 0}
  m_PrefabInstance: {fileID: 0}
  m_PrefabAsset: {fileID: 0}
  serializedVersion: 6
  m_Component:
  - component: {fileID: 4077808548295226436}
  - component: {fileID: 4077808548295226489}
  - component: {fileID: 4077808548295226438}
  - component: {fileID: 4077808548295226439}
  m_Layer: 0
  m_Name: Box001
  m_TagString: Untagged
  m_Icon: {fileID: 0}
  m_NavMeshLayer: 0
  m_StaticEditorFlags: 65
  m_IsActive: 1
--- !u!4 &4077808548295226436
Transform:
  m_ObjectHideFlags: 0
  m_CorrespondingSourceObject: {fileID: 0}
  m_PrefabInstance: {fileID: 0}
  m_PrefabAsset: {fileID: 0}
  m_GameObject: {fileID: 4077808548295226437}
  m_LocalRotation: {x: 0, y: -0, z: -0, w: 1}
  m_LocalPosition: {x: -0, y: 0.015986793, z: -0.09846041}
  m_LocalScale: {x: 1, y: 1, z: 1}
  m_Children: []
  m_Father: {fileID: 4077808547736209593}
  m_RootOrder: 0
  m_LocalEulerAnglesHint: {x: 0, y: 0, z: 0}
--- !u!33 &4077808548295226489
MeshFilter:
  m_ObjectHideFlags: 0
  m_CorrespondingSourceObject: {fileID: 0}
  m_PrefabInstance: {fileID: 0}
  m_PrefabAsset: {fileID: 0}
  m_GameObject: {fileID: 4077808548295226437}
  m_Mesh: {fileID: 5060444177187149915, guid: 6c0aee03bcb9fd34bbf4d57468b0ebbe, type: 3}
--- !u!23 &4077808548295226438
MeshRenderer:
  m_ObjectHideFlags: 0
  m_CorrespondingSourceObject: {fileID: 0}
  m_PrefabInstance: {fileID: 0}
  m_PrefabAsset: {fileID: 0}
  m_GameObject: {fileID: 4077808548295226437}
  m_Enabled: 1
  m_CastShadows: 1
  m_ReceiveShadows: 1
  m_DynamicOccludee: 1
  m_MotionVectors: 1
  m_LightProbeUsage: 1
  m_ReflectionProbeUsage: 1
  m_RayTracingMode: 2
  m_RayTraceProcedural: 0
  m_RenderingLayerMask: 1
  m_RendererPriority: 0
  m_Materials:
  - {fileID: 2100000, guid: b672f4cdddc31b445992dc49ebad3e42, type: 2}
  m_StaticBatchInfo:
    firstSubMesh: 0
    subMeshCount: 0
  m_StaticBatchRoot: {fileID: 0}
  m_ProbeAnchor: {fileID: 0}
  m_LightProbeVolumeOverride: {fileID: 0}
  m_ScaleInLightmap: 1
  m_ReceiveGI: 1
  m_PreserveUVs: 0
  m_IgnoreNormalsForChartDetection: 0
  m_ImportantGI: 0
  m_StitchLightmapSeams: 1
  m_SelectedEditorRenderState: 3
  m_MinimumChartSize: 4
  m_AutoUVMaxDistance: 0.5
  m_AutoUVMaxAngle: 89
  m_LightmapParameters: {fileID: 0}
  m_SortingLayerID: 0
  m_SortingLayer: 0
  m_SortingOrder: 0
  m_AdditionalVertexStreams: {fileID: 0}
--- !u!64 &4077808548295226439
MeshCollider:
  m_ObjectHideFlags: 0
  m_CorrespondingSourceObject: {fileID: 0}
  m_PrefabInstance: {fileID: 0}
  m_PrefabAsset: {fileID: 0}
  m_GameObject: {fileID: 4077808548295226437}
  m_Material: {fileID: 0}
  m_IsTrigger: 0
  m_Enabled: 1
  serializedVersion: 4
  m_Convex: 0
  m_CookingOptions: 30
  m_Mesh: {fileID: 5060444177187149915, guid: 6c0aee03bcb9fd34bbf4d57468b0ebbe, type: 3}
